<?xml version='1.0' encoding='UTF-8'?>
<record xmlns="http://www.loc.gov/MARC21/slim">
  <leader>01369cam a2200265 a 4500</leader>
  <controlfield tag="001">410071</controlfield>
  <controlfield tag="003">NjP</controlfield>
  <controlfield tag="005">20170605130946.0</controlfield>
  <controlfield tag="008">871110q19801987ir       b    00010 ara d</controlfield>
  <datafield tag="024" ind1="7" ind2=" ">
    <subfield code="a">princeton_aco003176</subfield>
    <subfield code="2">local</subfield>
  </datafield>
  <datafield ind1=" " ind2=" " tag="035">
    <subfield code="a">(OCoLC)26188216</subfield>
  </datafield>
  <datafield ind1=" " ind2=" " tag="035">
    <subfield code="a">(CStRLIN)NJPG87-B56398</subfield>
  </datafield>
  <datafield ind1=" " ind2=" " tag="035">
    <subfield code="9">ABY5591TS</subfield>
  </datafield>
  <datafield ind1=" " ind2=" " tag="040">
    <subfield code="a">NjP</subfield>
    <subfield code="c">NjP</subfield>
    <subfield code="d">NjP</subfield>
  </datafield>
  <datafield ind1="1" ind2=" " tag="100">
    <subfield code="a">Ṣadr, Muḥammad.</subfield>
  </datafield>
  <datafield ind1="1" ind2="0" tag="245">
    <subfield code="a">Tārīkh al-ghaybah al-kubrá :</subfield>
    <subfield code="b">yatakaffalu fahm Islāmī jadīd li-ghaybat al-Imām al-Mahdī wa-sharāʾiṭ ẓuhūrihi wa-ʻalāmātihi wa-taklīf al-fard al-Muslim khilāla dhālik /</subfield>
    <subfield code="c">taʾliīf Muḥammad al-Ṣadr.</subfield>
  </datafield>
  <datafield ind1=" " ind2=" " tag="260">
    <subfield code="a">Iṣfāhan :</subfield>
    <subfield code="b">Kitābkhānah ʻUmūmī Imām Amīr al-Muʾmīnīn ʻAlī,</subfield>
    <subfield code="c">[198-]</subfield>
  </datafield>
  <datafield ind1="1" ind2=" " tag="490">
    <subfield code="a">Mawsūʻat al-Imām al-Mahdī ;</subfield>
    <subfield code="v">al-kitāb 2</subfield>
  </datafield>
  <datafield ind1=" " ind2=" " tag="504">
    <subfield code="a">Includes bibliographical references.</subfield>
  </datafield>
  <datafield ind1="1" ind2="0" tag="600">
    <subfield code="a">Mahdī, Muḥammad ibn al-Ḥasan,</subfield>
    <subfield code="d">b. 869.</subfield>
    <subfield code="0">http://id.loc.gov/authorities/names/n84077035</subfield>
  </datafield>
  <datafield ind1="2" ind2="0" tag="600">
    <subfield code="a">Ḥasan al-ʻAskarī ibn ʻAlī,</subfield>
    <subfield code="d">844-874.</subfield>
  </datafield>
  <datafield ind1="0" ind2="0" tag="600">
    <subfield code="a">ʻAlī al-Hādī,</subfield>
    <subfield code="d">828?-868.</subfield>
    <subfield code="0">http://id.loc.gov/authorities/names/n85307245</subfield>
  </datafield>
  <datafield ind1="1" ind2=" " tag="800">
    <subfield code="a">Ṣadr, Muḥammad.</subfield>
    <subfield code="t">Mawsūʻat al-Imām al-Mahdī.</subfield>
    <subfield code="f">1983 ;</subfield>
    <subfield code="v">al-kitāb 2.</subfield>
  </datafield>
  <datafield ind1=" " ind2=" " tag="998">
    <subfield code="a">06/29/92</subfield>
    <subfield code="s">9118</subfield>
    <subfield code="n">NjP</subfield>
    <subfield code="w">NJPG87B56398</subfield>
    <subfield code="d">11/10/87</subfield>
    <subfield code="c">JAB</subfield>
    <subfield code="b">JEB</subfield>
    <subfield code="i">920629</subfield>
    <subfield code="l">NJPG</subfield>
  </datafield>
  <datafield ind1=" " ind2=" " tag="911">
    <subfield code="a">19921028</subfield>
  </datafield>
  <datafield ind1=" " ind2=" " tag="912">
    <subfield code="a">19971104032705.0</subfield>
  </datafield>
  <datafield ind1="0" ind2="0" tag="852">
    <subfield code="0">446724</subfield>
    <subfield code="b">rcppa</subfield>
    <subfield code="t">1</subfield>
    <subfield code="h">BP193.22</subfield>
    <subfield code="i">.S237 v.2 1980</subfield>
    <subfield code="x">tr fr nec</subfield>
  </datafield>
  <datafield ind1=" " ind2=" " tag="959">
    <subfield code="a">2000-06-13 00:00:00 -0400</subfield>
  </datafield>
</record>
